%% =============================
%%      IMPORTANTE
%% ESTE ARQUIVO DEVE ESTAR SALVO COMO
%%      UTF - 8
%% =============================

% ----------------------------------------------------------
% Este capítulo é parte integrante do arquivo mestre
% Relatorio_TCC_Mestrado_Base_VERSÃO_SUBVERSÃO
% ----------------------------------------------------------

%% This BibTeX bibliography file was created using BibDesk.
%% http://bibdesk.sourceforge.net/

%% Saved with string encoding Unicode (UTF-8) 

%% As referências de base vindas com o arquivo da ABNT estão no outro arquivo usado no TG

% ----------------------------------------------------------
%% Referências de modelo
% ----------------------------------------------------------

% CHAPTER 1
% ---------------------------------------------------------- 

@book{garvin,
    title={Gerenciando a Qualidade: a visão estratégica e competitiva},
    author={Garvin, D.A.},
    pages={6--22},
    year={1992},
    publisher={Qualitymark}
}

