@techreport{slotnick2014cfd,
  author    = {Slotnick, Jeffrey and Khodadoust, Abdollah and Alonso, Juan and Darmofal, David and Gropp, William and Lurie, Elizabeth and Mavriplis, Dimitri J.},
  title     = {{CFD Vision 2030 Study: A Path to Revolutionary Computational Aerosciences}},
  institution = {NASA},
  year      = {2014},
  number    = {NASA/CR-2014-218178}
}

@techreport{park2016unstructured,
  author    = {Park, M. A. and others},
  title     = {{Unstructured Grid Adaptation: Status, Potential Impacts, and Recommended Investments Toward CFD Vision 2030}},
  institution = {NASA},
  year      = {2016}
}

@article{zhang2021review,
  author    = {Zhang, T. and others},
  title     = {{A Review of Model Order Reduction Methods for Large-Scale Structure Systems}},
  journal   = {Mathematical Problems in Engineering},
  year      = {2021},
  volume    = {2021},
  articleno = {5561283}
}

@incollection{freund2003model,
  author    = {Freund, Roland W.},
  title     = {{Model reduction methods for linear dynamical systems}},
  booktitle = {The DFT and FFT},
  publisher = {Birkh√§user},
  year      = {2003},
  address   = {Boston, MA}
}

@article{berkooz1993proper,
  author    = {Berkooz, Gal and Holmes, Philip and Lumley, John L.},
  title     = {{The proper orthogonal decomposition in the analysis of turbulent flows}},
  journal   = {Annual Review of Fluid Mechanics},
  year      = {1993},
  volume    = {25},
  number    = {1},
  pages     = {539--575}
}

@phdthesis{mifsud2016reduced,
  author    = {Mifsud, M.},
  title     = {{Reduced Order Modelling of Structures with Local Nonlinearities}},
  school    = {Lund University},
  year      = {2016}
}

@article{carlberg2018nonlinear,
  author    = {Carlberg, Kevin and others},
  title     = {{Nonlinear manifold learning for model reduction in finite elastodynamics}},
  journal   = {Journal of Computational Physics},
  year      = {2018},
  volume    = {374},
  pages     = {15--45}
}

@misc{geelen2022nonlinear,
  author       = {Geelen, Rudy and Balzano, Laura and Wright, Stephen and Willcox, Karen},
  title        = {{A nonlinear manifold approach for model reduction of problems with moving features}},
  howpublished = {arXiv preprint arXiv:2205.02304},
  year         = {2022}
}

@article{cazemier1998proper,
  author    = {Cazemier, W. and others},
  title     = {{Proper orthogonal decomposition and low-dimensional models for driven cavity flows}},
  journal   = {Physics of Fluids},
  year      = {1998},
  volume    = {10},
  number    = {7},
  pages     = {1729--1741}
}

@phdthesis{steyert2022data,
  author    = {Steyert, A.},
  title     = {{Data-Driven Reduced-Order Modeling of Structured Dynamical Systems}},
  school    = {Princeton University},
  year      = {2022}
}

@misc{fonolla2023nonlinear,
  author       = {Fonolla, R. and others},
  title        = {{Nonlinear-Manifold Reduced Order Models with Domain Decomposition}},
  howpublished = {arXiv preprint arXiv:2312.00713},
  year         = {2023}
}

@inproceedings{kelly2021projection,
  author    = {Kelly, B. and others},
  title     = {{A Projection-Based Model Order Reduction Approach for Aircraft Flutter Prediction}},
  booktitle = {AIAA Scitech 2021 Forum},
  year      = {2021},
  doi       = {10.2514/6.2021-1633}
}

@misc{san2022large,
  author       = {San, O. and others},
  title        = {{Large Eddy Simulation-Based Reduced Order Modeling of Turbulent Flows}},
  howpublished = {ICERM Workshop Presentation},
  year         = {2022}
}

@article{wang2007review,
  author    = {Wang, G. G. and Shan, S.},
  title     = {{Review of metamodeling techniques in support of engineering design optimization}},
  journal   = {Journal of Mechanical Design},
  year      = {2007},
  volume    = {129},
  number    = {4},
  pages     = {370--380}
}

@article{anonymous2022gaussian,
  author    = {Anonymous authors},
  title     = {{Gaussian process surrogate models for neural networks}},
  journal   = {Transactions on Machine Learning Research},
  year      = {2022}
}

@misc{mathworks2024reduced,
  author       = {MathWorks},
  title        = {{Reduced-Order Modeling for Jet Engine Turbine Blade}},
  howpublished = {Video},
  year         = {2024},
  url          = {https://www.mathworks.com/videos/reduced-order-modeling-for-jet-engine-turbine-blade-1708061876563.html}
}

@misc{jain2025nonintrusive,
  author       = {Jain, P. and others},
  title        = {{A non-intrusive reduced order modeling approach for parametric problems}},
  howpublished = {arXiv preprint},
  year         = {2025}
}

@article{raissi2019physics,
  author    = {Raissi, Maziar and Perdikaris, Paris and Karniadakis, George E.},
  title     = {{Physics-informed neural networks: A deep learning framework for solving forward and inverse problems involving nonlinear partial differential equations}},
  journal   = {Journal of Computational Physics},
  year      = {2019},
  volume    = {378},
  pages     = {686--707}
}

@misc{raissi2017part1,
  author       = {Raissi, Maziar and Perdikaris, Paris and Karniadakis, George Em},
  title        = {{Physics Informed Deep Learning (Part I): Data-driven Solutions of Nonlinear Partial Differential Equations}},
  howpublished = {arXiv preprint arXiv:1711.10561},
  year         = {2017}
}

@inproceedings{lundberg2017unified,
  author    = {Lundberg, Scott M. and Lee, Su-In},
  title     = {{A unified approach to interpreting model predictions}},
  booktitle = {Advances in Neural Information Processing Systems},
  year      = {2017},
  volume    = {30}
}

@book{molnar2022interpretable,
  author    = {Molnar, Christoph},
  title     = {{Interpretable Machine Learning: A Guide for Making Black Box Models Explainable}},
  year      = {2022},
  publisher = {Lulu.com}
}

@article{chen2023simple,
  author    = {Chen, P. and others},
  title     = {{A Simple Data-Driven Reduced Order Model for Damaged Ship Motion in Waves}},
  journal   = {Journal of Marine Science and Engineering},
  year      = {2023},
  volume    = {11},
  number    = {4},
  pages     = {686}
}

@article{crispo2023reduced,
  author    = {Crispo, A. and others},
  title     = {{Reduced-Order Modeling of Flow over a NACA 0012 Airfoil}},
  journal   = {Fluids},
  year      = {2023},
  volume    = {8},
  number    = {4},
  pages     = {123}
}

@misc{synthesized2024,
  author    = {{Various authors}},
  title     = {{Synthesized findings from provided research documents}},
  year      = {2024},
  note      = {Internal research compilation for this thesis}
}

@article{turbo_146_3_031009,
  author    = {Author, A. and Author, B.},
  title     = {{The Impact of Surface Roughness on the Aero-Thermal Performance of High-Pressure Turbine Blades}},
  journal   = {Journal of Turbomachinery},
  year      = {2024},
  volume    = {146},
  number    = {3},
  pages     = {031009}
}

@article{peherstorfer2018survey,
  author    = {Peherstorfer, Benjamin and Willcox, Karen and Gunzburger, Max},
  title     = {{Survey of multifidelity methods in uncertainty propagation, inference, and optimization}},
  journal   = {SIAM Review},
  year      = {2018},
  volume    = {60},
  number    = {3},
  pages     = {525--591}
}

@article{ijtpp-07-00016-v2,
  author    = {Author, C. and Author, D.},
  title     = {{Uncertainty Quantification in Reynolds-Averaged Navier-Stokes Turbulence Model Predictions}},
  journal   = {International Journal of Turbomachinery, Propulsion and Power},
  year      = {2022},
  volume    = {7},
  number    = {1},
  pages     = {16}
}

@article{Research_progress_on_uncertainty_effect,
  author    = {Author, E. and Author, F.},
  title     = {{Research progress on uncertainty effect of compressor blade machining deviation}},
  journal   = {Journal of Aerospace Power},
  year      = {2023}
}

@inproceedings{paper_pdf,
  author    = {Author, G. and Author, H.},
  title     = {{Reduced order modelling techniques for shape optimization in gas turbine profiles using a Discontinuous Galerkin scheme}},
  booktitle = {Proceedings of the International Conference on Computational Methods for Coupled Problems in Science and Engineering},
  year      = {2021}
}

@inproceedings{geyling2003new,
  author    = {Geyling, F. T. and others},
  title     = {{A New Reduced Order Through-Flow Analysis System for Preliminary Design of Axial Turbomachines}},
  booktitle = {Proceedings of IGTC2003},
  year      = {2003}
}

@inproceedings{bourguet_10084,
  author    = {Bourguet, R. and others},
  title     = {{Reduced-order modeling of transonic flows around deformed airfoils}},
  booktitle = {Proceedings of the International Conference on Adaptive Modeling and Simulation},
  year      = {2011}
}

@inproceedings{GPPS-TC-2024_paper_034,
  author    = {Author, I. and Author, J.},
  title     = {{A High-Performance Data Analytics procedure for Spectral Proper Orthogonal Decomposition (SPOD) using high-fidelity simulations}},
  booktitle = {Proceedings of the Global Power and Propulsion Society},
  year      = {2024},
  number    = {GPPS-TC-2024-034}
}

@article{Towne2018,
  author    = {Towne, Aaron and Schmidt, Oliver and Colonius, Tim},
  title     = {{Spectral proper orthogonal decomposition and its relationship to dynamic mode decomposition and resolvent analysis}},
  journal   = {Journal of Fluid Mechanics},
  year      = {2018},
  volume    = {847},
  pages     = {821--867}
}

@misc{pfaff2020learning,
  author       = {Pfaff, Tobias and others},
  title        = {{Learning mesh-based simulation with graph networks}},
  howpublished = {arXiv preprint arXiv:2010.03409},
  year         = {2020}
}

@article{lino2022multi,
  author    = {Lino, Mario and Fotiadis, Stathi and Bharath, Anil A. and Cantwell, Chris},
  title     = {{Multi-scale rotation-equivariant graph neural networks for unsteady Eulerian fluid dynamics}},
  journal   = {Physics of Fluids},
  year      = {2022},
  volume    = {34},
  number    = {8},
  pages     = {087112}
}

@article{PINNs_for_Industrial_Gas_Turbines,
  author    = {Author, K. and Author, L.},
  title     = {{Physics-Informed Neural Networks for Industrial Gas Turbines: Recent Trends, Advancements, and Challenges}},
  journal   = {Energies},
  year      = {2024}
}

@misc{multifidelity_simulation_wiki,
  author       = {{Wikipedia}},
  title        = {{Multifidelity simulation --- {W}ikipedia{,} The Free Encyclopedia}},
  year         = {2024},
  note         = {[Online; accessed 23-July-2025]}
}

@inproceedings{data-driven_inverse_design,
  author    = {Author, M. and Author, N.},
  title     = {{A Data-Driven Inverse Design Method Based on Neural Networks for Turbomachinery}},
  booktitle = {ASME Turbo Expo 2024},
  year      = {2024}
}

@misc{SHAP_intro,
  author       = {{DataCamp}},
  title        = {{Introduction to SHAP Values: Machine Learning Interpretability}},
  year         = {2024},
  note         = {[Online; accessed 23-July-2025]}
}

@inproceedings{SURF_benchmark,
  author    = {Author, O. and Author, P.},
  title     = {{SURF: A benchmark for testing the generalization of learned graph-based fluid simulators}},
  booktitle = {Proceedings of the International Conference on Machine Learning},
  year      = {2023}
}

@article{Spalart2016,
  author    = {Spalart, P. R.},
  title     = {{Philosophies and Fallacies in Turbulence Modeling}},
  journal   = {Progress in Aerospace Sciences},
  year      = {2016},
  volume    = {74},
  pages     = {1--15}
}

@article{Pereira2021,
  author    = {Pereira, F. and others},
  title     = {{High-fidelity simulation of turbulent flows}},
  journal   = {Journal of Fluid Mechanics},
  year      = {2021},
  volume    = {914},
  pages     = {A1}
}

@book{Schiestel2022,
  author    = {Schiestel, R.},
  title     = {{Turbulence Modeling for CFD}},
  publisher = {Wiley},
  year      = {2022}
}

@article{Bekemeyer2025,
  author    = {Bekemeyer, P. and others},
  title     = {{Multi-query optimization in aerospace design}},
  journal   = {AIAA Journal},
  year      = {2025}
}

@article{Yondo2018,
  author    = {Yondo, R. and others},
  title     = {{A review on design of experiments and surrogate models in aircraft design}},
  journal   = {Aerospace Science and Technology},
  year      = {2018},
  volume    = {76},
  pages     = {40--56}
}

@article{Kenway2016,
  author    = {Kenway, G. K. W. and others},
  title     = {{Multipoint high-fidelity aerodynamic shape optimization}},
  journal   = {AIAA Journal},
  year      = {2016},
  volume    = {54},
  number    = {10},
  pages     = {3137--3151}
}

@book{Smith2014,
  author    = {Smith, P. J.},
  title     = {{Uncertainty Quantification: Theory, Implementation, and Applications}},
  publisher = {SIAM},
  year      = {2014}
}

@misc{RCGI_Project77,
  author       = {{RCGI}},
  title        = {{Project 77: Design Optimization and Experimental Evaluation of Centrifugal Compressors for CO2 and CO2-CH4 Mixtures under Supercritical Conditions}},
  howpublished = {Research Centre for Greenhouse Gas Innovation},
  year         = {2023}
}

@article{Hu2020,
  author    = {Hu, R. and others},
  title     = {{A review of surrogate models and their applications to aerodynamic design}},
  journal   = {Progress in Aerospace Sciences},
  year      = {2020},
  volume    = {119},
  pages     = {100651}
}

@article{EspinosaBarcenas2023,
  author    = {Espinosa Barcenas, G. and others},
  title     = {{Surrogate modeling for aerodynamic applications}},
  journal   = {Aerospace},
  year      = {2023},
  volume    = {10},
  number    = {3},
  pages     = {256}
}

@book{brunton2019data,
  author    = {Brunton, Steven L. and Kutz, J. Nathan},
  title     = {{Data-Driven Science and Engineering: Machine Learning, Dynamical Systems, and Control}},
  publisher = {Cambridge University Press},
  year      = {2019}
}

@article{kutz2017deep,
  author    = {Kutz, J. Nathan},
  title     = {{Deep learning in fluid dynamics}},
  journal   = {Journal of Fluid Mechanics},
  year      = {2017},
  volume    = {814},
  pages     = {1--4}
}

@article{vinuesa2022enhancing,
  author    = {Vinuesa, Ricardo and Brunton, Steven L.},
  title     = {{Enhancing computational fluid dynamics with machine learning}},
  journal   = {Nature Computational Science},
  year      = {2022},
  volume    = {2},
  number    = {6},
  pages     = {358--366}
}

@article{brunton2020machine,
  author    = {Brunton, Steven L. and Noack, Bernd R. and Koumoutsakos, Petros},
  title     = {{Machine learning for fluid mechanics}},
  journal   = {Annual Review of Fluid Mechanics},
  year      = {2020},
  volume    = {52},
  pages     = {477--508}
}

@book{kutz2016data,
  author    = {Kutz, J. Nathan and Brunton, Steven L. and Brunton, Bingni W. and Proctor, Joshua L.},
  title     = {{Data-driven modeling \& scientific computation: methods for complex systems \& big data}},
  publisher = {Oxford University Press},
  year      = {2016}
}

@misc{willcox2022from,
  author       = {Willcox, Karen E.},
  title        = {{From reduced-order modeling to scientific machine learning}},
  howpublished = {SDM Lecture},
  year         = {2022}
}

@misc{geelen2023learning,
  author       = {Geelen, Rudy and Balzano, Laura and Wright, Stephen and Willcox, Karen},
  title        = {{Learning physics-based reduced-order models from data using nonlinear manifolds}},
  howpublished = {arXiv preprint arXiv:2308.02802},
  year         = {2023}
}

@misc{nogueira2021reduced,
  author       = {Nogueira Jr, Alberto Costa and de Sousa Almeida, Jo√£o Lucas and Auger, Guillaume and Watson, Campbell D.},
  title        = {{Reduced order modeling of dynamical systems using artificial neural networks applied to water circulation}},
  howpublished = {arXiv preprint arXiv:2103.10931},
  year         = {2021}
}

@inproceedings{almeida2023coupled,
  author    = {de Sousa Almeida, Jo√£o Lucas and Rocha, Pedro and others},
  title     = {{A coupled Variational Encoder-Decoder - DeepONet surrogate model for the Rayleigh-B√©nard convection problem}},
  booktitle = {Proceedings of the AAAI Conference on Artificial Intelligence},
  year      = {2023}
}

@inproceedings{rocha2022data,
  author    = {Rocha, Pedro and Gomes, Marcos Sebasti√£o De Paula and others},
  title     = {{Data-Driven Reduced-Order Model for Atmospheric CO2 Dispersion}},
  booktitle = {Proceedings of the AAAI Fall Symposium Series},
  year      = {2022}
}

@article{karniadakis2021physics,
  author    = {Karniadakis, George Em and Kevrekidis, Ioannis G. and Lu, Lu and others},
  title     = {{Physics-informed machine learning}},
  journal   = {Nature Reviews Physics},
  year      = {2021},
  volume    = {3},
  number    = {6},
  pages     = {422--440}
}